@inproceedings{hampi2009,
    author = {Kiezun, Adam and Ganesh, Vijay and Guo, Philip J. and Hooimeijer, Pieter and Ernst, Michael D.},
    title = {HAMPI: A Solver for String Constraints},
    booktitle = {Proceedings of the Eighteenth International Symposium on Software Testing and Analysis},
    series = {ISSTA '09},
    year = {2009},
    isbn = {978-1-60558-338-9},
    location = {Chicago, IL, USA},
    pages = {105--116},
    numpages = {12},
    url = {http://doi.acm.org/10.1145/1572272.1572286},
    doi = {10.1145/1572272.1572286},
    acmid = {1572286},
    publisher = {ACM},
    address = {New York, NY, USA},
    keywords = {context-free languages, regular languages, string constraints},
}

@inproceedings{z32013,
    author = {Zheng, Yunhui and Zhang, Xiangyu and Ganesh, Vijay},
    title = {Z3-str: A Z3-based String Solver for Web Application Analysis},
    booktitle = {Proceedings of the 2013 9th Joint Meeting on Foundations of Software Engineering},
    series = {ESEC/FSE 2013},
    year = {2013},
    isbn = {978-1-4503-2237-9},
    location = {Saint Petersburg, Russia},
    pages = {114--124},
    numpages = {11},
    url = {http://doi.acm.org/10.1145/2491411.2491456},
    doi = {10.1145/2491411.2491456},
    acmid = {2491456},
    publisher = {ACM},
    address = {New York, NY, USA},
    keywords = {String Analysis, String Constraint Solver, Web Application},
}

@inproceedings{dprle2009,
    author = {Hooimeijer, Pieter and Weimer, Westley},
    title = {A decision procedure for subset constraints over regular languages},
    booktitle = {PLDI '09: Proceedings of the 2009 ACM SIGPLAN conference on Programming language design and implementation},
    year = {2009},
    isbn = {978-1-60558-392-1},
    pages = {188--198},
    location = {Dublin, Ireland},
    publisher = {ACM},
    address = {New York, NY, USA},
}